%====================================================================
% Arquivo bib com a base de dados referentes a bibliografia
%====================================================================
% Para inserir uma referência referente a um LIVRO os dados 
% OBRIGATÓRIOS são dados no exemplo abaixo. Para inserir a sua 
% referência para esse caso basta apagar os dados do exemplo e 
% escrever os seus dados do livro de seu estudo.
%====================================================================

@book{burden,
 author = {Richard L. Burden and J. Douglas Faires},
 title = {Análise Numérica},
 year = {2008},
 edition = {8},
 publisher = {Cengage},
}

%====================================================================
% Para inserir uma referência referente a um LIVRO COM VÁRIOS  
% VOLUMES os dados OBRIGATÓRIOS são dados no exemplo abaixo. 
% Para inserir a sua referência para esse caso basta apagar os 
% dados do exemplo e escrever os seus dados do livro de seu estudo.
%====================================================================

@book{leithold,
 author = {L. Leithold},
 title = {Cálculo com Geometria Analítica},
 year = {1994},
 volume = {2},
 edition = {3},
 publisher = {Harbra},
}

%====================================================================
% Para inserir uma referência referente a um ARTIGO PUBLICADO EM 
% REVISTA os dados OBRIGATÓRIOS são dados no exemplo abaixo. 
% Para inserir a sua referência para esse caso basta apagar os 
% dados do exemplo e escrever os seus dados do artigo de seu estudo.
%====================================================================

@article{gooch,
author = {G.K. Yan and C. Ollivier-Gooch and Alberto Gomes Silva},
title = {Towards Higher Order Discretization Error Estimation by 
Error Transport Using Unstructured Finite-Volume Methods for Unsteady 
Problems},
journal = {Computers \& Fluids},
year = {2017},
volume = {154},
number = {12},
pages = {245-255},
note = {\url{http://dx.doi.org/10.1016/j.compfluid.2017.06.012}},
}

%====================================================================
% Para inserir uma referência referente a um ARTIGO PUBLICADO EM 
% EM ANAIS DE EVENTOS os dados OBRIGATÓRIOS são dados no exemplo
% abaixo.Para inserir a sua referência para esse caso basta apagar os 
% dados do exemplo e escrever os seus dados do artigo de seu estudo.
%====================================================================

@InProceedings{daniel,
  author = {Daniel W. Zaide and Carl F. Ollivier-Gooch},
  title = {Inserting a Curve into an Existing Two Dimensional
           Unstructured Mesh},
  year = {2014},
  booktitle = {Proceedings of the 22nd International Meshing
               Roundtable},
  eventtitle = {22nd International Meshing Roundtable},
  publisher = {Springer International Publishing},
  location =  {Orlando - Flórida},
  pages = {93-107},
  doi = {10.1007/978-3-319-02335-9_6},
  url = {https://doi.org/10.1007/978-3-319-02335-9_6},
}

%====================================================================
% Para inserir uma referência referente a uma DISSERTAÇÃO OU TESE
% DE DOUTORADO os dados OBRIGATÓRIOS são dados no exemplo abaixo.
% Para inserir a sua referência para esse caso basta apagar os 
% dados do exemplo e escrever os seus dados do artigo de seu estudo.
% OBSERVAÇÃO: No campo type, se o trabalho for uma dissertação
% de mestrado esreva type={Dissertação de Mestrado}.
%====================================================================

@PhdThesis{santana,
  author = {Alessandro Alves Santana},
  title = {Identificação de Parâmetros em Problemas de
           Advecção-Difusão Combinando a Técnica do Operador
	   Adjunto e Métodos de Volumes Finitos de Alta Ordem},
  type = {Tese de Doutorado},
  institution = {Universidade de São Paulo},
  year = {2007},
}

%====================================================================
% Para inserir uma referência referente a uma REFERÊNCIA DA INTERNET
% os dados OBRIGATÓRIOS são dados no exemplo abaixo.
% Para inserir a sua referência para esse caso basta apagar os 
% dados do exemplo e escrever os dados.
% OBSERVAÇÃO: No campo note o que deve ser colocado é data em que
% acessou o site para fazer a consulta ou estudo.
%====================================================================

@Online{wiki:quadrature,
  author = {Wikipedia},
  title =  {Gaussian Quadrature},
  year =   {2017},
  url =    {https://en.wikipedia.org/wiki/Gaussian_quadrature},
  note = {acessado em 10/08/2017},
}

%====================================================================
% Para inserir uma referência referente a um MATERIAL BIBLIOGRPAFICO
% NÃO PUBLICADO os dados OBRIGATÓRIOS são dados no exemplo abaixo.
% Para inserir a sua referência para esse caso basta apagar os 
% dados do exemplo e escrever os dados.
%====================================================================

@Unpublished{almeida,
  author = {Jeremias Nobre Ferreira},
  title = {Notas de Cálculo Numérico},
  year = {2015},
  note = {notas de aula utilizados na disciplina Cálculo Numérico},
}

